@inproceedings{davis_using_2007,
    title = {Using standards: a display manufacturerâ€™s primer [Internet]},
    author = {Davis, K and Contin, B},
    url = {http://www.displaysrus.com},
    booktitle = {National Library of Display Science (US)},
    publisher = {Bethesda (MD)},
    year = {2007 [updated 2 October 2015; cited 13 October 2016]}
}
